@inproceedings{marathe2014novel,
  title={A novel wireless vein finder},
  author={Marathe, Meeshawn and Bhatt, Nayan S and Sundararajan, Raji},
  booktitle={International Conference on Circuits, Communication, Control and Computing},
  pages={277--280},
  year={2014},
  organization={IEEE}
}
@inproceedings{ayoub2018diagnostic,
  title={Diagnostic superficial vein scanner},
  author={Ayoub, Yahia and Serhal, Sameer and Farhat, Baraa and Ali, Ali and Amatoury, Jason and Nasser, Hassan and Abou Ali, Mohamad},
  booktitle={2018 International Conference on Computer and Applications (ICCA)},
  pages={321--325},
  year={2018},
  organization={IEEE}
}
@online{irfilter,

  author={HOYA cooperation},
  title={HOW FILTERS WORK IR},
  url={https://hoyafilter.com/support/how_filters_work/12.html}
}
