@inproceedings{marathe2014novel,
  title={A novel wireless vein finder},
  author={Marathe, Meeshawn and Bhatt, Nayan S and Sundararajan, Raji},
  booktitle={International Conference on Circuits, Communication, Control and Computing},
  pages={277--280},
  year={2014},
  organization={IEEE}
}
@article{toygar2020fyo,
  title={FYO: A novel multimodal vein database with palmar, dorsal and wrist biometrics},
  author={Toygar, {\"O}nsen and Babalola, Felix O and Bitirim, Yiltan},
  journal={IEEE Access},
  volume={8},
  pages={82461--82470},
  year={2020},
  publisher={IEEE}
}
@inproceedings{ayoub2018diagnostic,
  title={Diagnostic superficial vein scanner},
  author={Ayoub, Yahia and Serhal, Sameer and Farhat, Baraa and Ali, Ali and Amatoury, Jason and Nasser, Hassan and Abou Ali, Mohamad},
  booktitle={2018 International Conference on Computer and Applications (ICCA)},
  pages={321--325},
  year={2018},
  organization={IEEE}
}
